<?xml version="1.0" encoding="UTF-8" ?>
<collection xmlns:xsi="http://www.w3.org/2001/XMLSchema-instance"
    xsi:schemaLocation="http://www.loc.gov/MARC21/slim
        http://www.loc.gov/standards/marcxml/schema/MARC21slim.xsd"
    xmlns="http://www.loc.gov/MARC21/slim">
<record>
  <leader>00204nam a2200385 i 4500</leader>
  <controlfield tag="001">b23631831</controlfield>
  <controlfield tag="003">LeBAU</controlfield>
  <controlfield tag="008">190715m19361937ti            000 0 ara d</controlfield>
  <datafield tag="040" ind1=" " ind2=" ">
    <subfield code="a">LEAUB</subfield>
    <subfield code="b">ara</subfield>
    <subfield code="e">rda</subfield>
    <subfield code="c">LEAUB</subfield>
  </datafield>
  <datafield tag="043" ind1=" " ind2=" ">
    <subfield code="a">f-ti---</subfield>
  </datafield>
  <datafield tag="082" ind1="0" ind2="4">
    <subfield code="a">336.611</subfield>
    <subfield code="2">23</subfield>
  </datafield>
  <datafield tag="110" ind1="1" ind2=" ">
    <subfield code="6">880-01</subfield>
    <subfield code="a">Tunisia.</subfield>
    <subfield code="b">Grand Conseil.</subfield>
    <subfield code="e">issuing body.</subfield>
    <subfield code="0">https://lccn.loc.gov/n91038525 ,</subfield>
  </datafield>
  <datafield tag="245" ind1="1" ind2="0">
    <subfield code="6">880-02</subfield>
    <subfield code="a">Taqārīr jalsāt al-Majlis al-Kabīr lil-Iyālah al-Tūnisīyah.</subfield>
    <subfield code="n">al-Dawr al-rābiʻ ʻashar lil-jalsāt (fī Uktūbir sanat 1936) / al-Mamlakah al-Tūnisīyah, al-Sifārah al-ʻĀmmah lil-Jumhūrīyah al-Fransāwīyah bi-Tūnis, al-Majlis al-Kabīr lil-Iyālah al-Tūnisīyah.</subfield>
    <subfield code="p">al-Qism al-Tūnisī /</subfield>
    <subfield code="c">al-Mamlakah al-Tūnisīyah, al-Ḥimāyah al-Fransāwīyah. [Wa-yalihi] Muqaddarāt mīzānīyat ʻam 1936.</subfield>
    <subfield code="n">الدور الرابع عشر للجلسات (في اكتوبر سنة 1936) /</subfield>
    <subfield code="c">المملكة التونسية، السفارة العامة للجمهورية الفرنسوية بتونس، المجلس الكبير للايالة التونسية.</subfield>
  </datafield>
  <datafield tag="264" ind1=" " ind2="1">
    <subfield code="6">880-03</subfield>
    <subfield code="a">Tūnis :</subfield>
    <subfield code="b">al-Maṭbaʻah al-Rasmīyah,</subfield>
    <subfield code="c">[between 1936 and 1937]</subfield>
  </datafield>
  <datafield tag="300" ind1=" " ind2=" ">
    <subfield code="6">880-04</subfield>
    <subfield code="a">1 volume (various pagings) ;</subfield>
    <subfield code="c">25 cm</subfield>
  </datafield>
  <datafield tag="336" ind1=" " ind2=" ">
    <subfield code="a">text</subfield>
    <subfield code="b">txt</subfield>
    <subfield code="2">rdacontent</subfield>
  </datafield>
  <datafield tag="337" ind1=" " ind2=" ">
    <subfield code="a">unmediated</subfield>
    <subfield code="b">n</subfield>
    <subfield code="2">rdamedia</subfield>
  </datafield>
  <datafield tag="338" ind1=" " ind2=" ">
    <subfield code="a">volume</subfield>
    <subfield code="b">nc</subfield>
    <subfield code="2">rdacarrier</subfield>
  </datafield>
  <datafield tag="505" ind1="0" ind2=" ">
    <subfield code="a">(أ) جريدة اعضاء المجلس الكبير بالعمالة التونسية -- ب تقارير القسم التونسي --ت) فهرس.</subfield>
  </datafield>
  <datafield tag="610" ind1="1" ind2="4">
    <subfield code="a">تونس.</subfield>
    <subfield code="b">المجلس الكبير</subfield>
    <subfield code="v">محاضر جلسات (سجلات)</subfield>
  </datafield>
  <datafield tag="610" ind1="1" ind2="0">
    <subfield code="a">Tunisia.</subfield>
    <subfield code="b">Grand Conseil</subfield>
    <subfield code="v">Minutes (Records)</subfield>
  </datafield>
  <datafield tag="651" ind1=" " ind2="4">
    <subfield code="a">تونس</subfield>
    <subfield code="x">الإعتمادات والمصروفات.</subfield>
  </datafield>
  <datafield tag="651" ind1=" " ind2="0">
    <subfield code="a">Tunisia</subfield>
    <subfield code="x">Appropriations and expenditures.</subfield>
  </datafield>
  <datafield tag="710" ind1="1" ind2=" ">
    <subfield code="6">880-05</subfield>
    <subfield code="a">France.</subfield>
    <subfield code="b">Ambassade (Tunisia).</subfield>
    <subfield code="t">مقدرات ميزانية عام 1936.</subfield>
    <subfield code="n">الدور الرابع عشر للجلسات (في اكتوبر سنة 1936)</subfield>
    <subfield code="0">https://lccn.loc.gov/n82125585 ,</subfield>
    <subfield code="e">issuing body.</subfield>
  </datafield>
  <datafield tag="710" ind1="1" ind2=" ">
    <subfield code="6">880-06</subfield>
    <subfield code="a">Tunisia.</subfield>
    <subfield code="b">Grand Conseil.</subfield>
    <subfield code="e">هيئة اصدار. </subfield>
    <subfield code="t">Muqaddarāt mīzānīyat ʻam 1936.</subfield>
    <subfield code="n">al-Dawr al-rābiʻ ʻashar lil-jalsāt (fī Uktūbir sanat 1936)</subfield>
  </datafield>
  <datafield tag="852" ind1=" " ind2=" ">
    <subfield code="a">Jafet Library</subfield>
    <subfield code="e">American University of Beirut, Bliss Street, Beirut, Lebanon.‎</subfield>
  </datafield>
  <datafield tag="880" ind1="1" ind2=" ">
    <subfield code="6">110-01/(3/r</subfield>
    <subfield code="a">تونس.</subfield>
    <subfield code="b">المجلس الكبير،</subfield>
    <subfield code="0">https://lccn.loc.gov/n91038525 ,</subfield>
    <subfield code="e">هيئة اصدار. </subfield>
    <subfield code="4">isb.</subfield>
  </datafield>
  <datafield tag="880" ind1="1" ind2="0">
    <subfield code="6">245-02/(3/r</subfield>
    <subfield code="a">تقارير جلسات المجلس الكبير للايالة التونسية.</subfield>
    <subfield code="n">al-Dawr al-rābiʻ ʻashar li-jalsāt (Uktūbir-Nūfimbir sanat 1935),</subfield>
    <subfield code="p">القسم التونسي /</subfield>
    <subfield code="c">المملكة التونسية، الحماية الفرنساوية. [ويليه] مقدرات ميزانية عام 1936.</subfield>
    <subfield code="n">al-Dawr al-rābiʻ ʻashar lil-jalsāt (fī Uktūbir sanat 1936) / al-Mamlakah al-Tūnisīyah, al-Sifārah al-ʻĀmmah lil-Jumhūrīyah al-Fransāwīyah bi-Tūnis, al-Majlis al-Kabīr lil-Iyālah al-Tūnisīyah.</subfield>
  </datafield>
  <datafield tag="880" ind1=" " ind2=" ">
    <subfield code="6">300-04/(3/r</subfield>
    <subfield code="a">1 جزء (متعدد الترقيم) ؛</subfield>
    <subfield code="c">25 سم</subfield>
  </datafield>
  <datafield tag="880" ind1=" " ind2="1">
    <subfield code="6">264-03/(3/r</subfield>
    <subfield code="a">تونس :</subfield>
    <subfield code="b">المطبعة الرسمية،</subfield>
    <subfield code="c">[ما بين 1936 و 1937]</subfield>
  </datafield>
  <datafield tag="880" ind1="1" ind2=" ">
    <subfield code="6">710-06/(3/r</subfield>
    <subfield code="a">تونس.</subfield>
    <subfield code="b">المجلس الكبير.</subfield>
    <subfield code="0">https://lccn.loc.gov/n82125585 ,</subfield>
    <subfield code="e">issuing body.</subfield>
  </datafield>
  <datafield tag="880" ind1="1" ind2=" ">
    <subfield code="6">710-05/(3/r</subfield>
    <subfield code="a">فرنسا.</subfield>
    <subfield code="b">السفارة (تونس)،</subfield>
    <subfield code="t">Muqaddarāt mīzānīyat ʻam 1936.</subfield>
    <subfield code="n">al-Dawr al-rābiʻ ʻashar lil-jalsāt (fī Uktūbir sanat 1936)</subfield>
    <subfield code="4">isb.</subfield>
  </datafield>
  <datafield tag="907" ind1=" " ind2=" ">
    <subfield code="a">.b23631831</subfield>
    <subfield code="b">19-08-16</subfield>
    <subfield code="c">19-07-15</subfield>
  </datafield>
  <datafield tag="945" ind1=" " ind2=" ">
    <subfield code="f">J</subfield>
    <subfield code="a">336.611:T926tA:1935-6</subfield>
    <subfield code="i">01019514</subfield>
    <subfield code="j">.i12917047</subfield>
    <subfield code="l">u0503</subfield>
  </datafield>
  <datafield tag="998" ind1=" " ind2=" ">
    <subfield code="a">u05</subfield>
    <subfield code="b">19-07-15</subfield>
    <subfield code="c">m</subfield>
    <subfield code="d">a  </subfield>
    <subfield code="e">-</subfield>
    <subfield code="f">ara</subfield>
    <subfield code="g">ti </subfield>
    <subfield code="h">0</subfield>
    <subfield code="i">0</subfield>
  </datafield>
</record>
</collection>
